<?xml version="1.0" encoding="UTF-8"?><collection xmlns="http://www.loc.gov/MARC21/slim"><record><leader>00318nam--2200133-i-4500</leader><controlfield tag="001">000050065</controlfield><controlfield tag="002">20161230</controlfield><controlfield tag="005">20161230201048</controlfield><controlfield tag="008">060222s1000------------r-----000-0-eng-d</controlfield><datafield ind1=" " ind2=" " tag="080"><subfield code="a">621.3.011</subfield></datafield><datafield ind1=" " ind2=" " tag="100"><subfield code="a">Bandman, O. L</subfield></datafield><datafield ind1=" " ind2=" " tag="245"><subfield code="a">Sintez elektronnyh r s-shem</subfield></datafield><datafield ind1=" " ind2=" " tag="260"><subfield code="a">Moskva, Izd. Nauka, 1966, 247s</subfield></datafield><datafield ind1=" " ind2=" " tag="852"><subfield code="a">24732</subfield></datafield></record></collection>